%% This BibTeX bibliography file was created using BibDesk.
%% http://bibdesk.sourceforge.net/


%% Created for Axel Saenz at 2019-09-04 17:16:18 -0500 


%% Saved with string encoding Unicode (UTF-8) 

@incollection{STW22,
  title={Domain Walls in the Heisenberg-Ising Spin-1 2 Chain},
  author={Saenz, Axel and Tracy, Craig A and Widom, Harold},
  booktitle={Toeplitz Operators and Random Matrices: In Memory of Harold Widom},
  pages={9--47},
  year={2022},
  publisher={Springer}
}


@article {BLS-limiting-F,
    AUTHOR = {Baik, Jinho and Liu, Zhipeng and Silva, Guilherme L. F.},
     TITLE = {Limiting one-point distribution of periodic {TASEP}},
   JOURNAL = {Ann. Inst. Henri Poincar\'{e} Probab. Stat.},
  FJOURNAL = {Annales de l'Institut Henri Poincar\'{e} Probabilit\'{e}s et
              Statistiques},
    VOLUME = {58},
      YEAR = {2022},
    NUMBER = {1},
     PAGES = {248--302},
      ISSN = {0246-0203},
   MRCLASS = {60K35 (37K10 60Fxx 82C22)},
  MRNUMBER = {4374678},
MRREVIEWER = {Florent Benaych-Georges},
       DOI = {10.1214/21-aihp1171},
       URL = {https://doi.org/10.1214/21-aihp1171},
}

@book{Gaudin2014,
  title={The Bethe Wavefunction},
  author={Gaudin, Michel},
  year={2014},
  publisher={Cambridge University Press}
}

@article{BorodinFerrari2008,
  title={Large time asymptotics of growth models on space-like paths I: Push{ASEP}},
  author={Borodin, Alexei and Ferrari, Patrik and others},
  journal={Electronic Journal of Probability},
  volume={13},
  pages={1380--1418},
  year={2008},
  publisher={The Institute of Mathematical Statistics and the Bernoulli Society}
}

@article{prolhac2020TASEP,
  title={Riemann surface for {TASEP} with periodic boundaries},
  author={Prolhac, Sylvain},
  journal={Journal of Physics A: Mathematical and Theoretical},
  year={2020},
  publisher={IOP Publishing}
}

@article{prolhac2020KPZ,
  title={Riemann surfaces for {KPZ} with periodic boundaries},
  author={Prolhac, Sylvain},
  journal={SciPost Physics},
  volume={8},
  number={1},
  year={2020},
  publisher={SCIPOST FOUNDATION C/OJS CAUX, INST PHYSICS, UNIV AMSTERDAM, AMSTERDAM, 1098~…}
}

@article{Prolhac2016,
  title={Finite-time fluctuations for the totally asymmetric exclusion process},
  author={Prolhac, Sylvain},
  journal={Physical Review Letters},
  volume={116},
  number={9},
  pages={090601},
  year={2016},
  publisher={APS}
}

@article{BorodinRains05,
  title={{E}ynard--{M}ehta theorem, {S}chur process, and their {P}faffian analogs},
  author={Borodin, Alexei and Rains, Eric M},
  journal={Journal of statistical physics},
  volume={121},
  number={3-4},
  pages={291--317},
  year={2005},
  publisher={Springer}
}

@article{TW18,
  title={Blocks and gaps in the asymmetric simple exclusion process: Asymptotics},
  author={Tracy, Craig A and Widom, Harold},
  journal={Journal of Mathematical Physics},
  volume={59},
  number={9},
  pages={091401},
  year={2018},
  publisher={AIP Publishing LLC}
}

@article{BottcherWidom2006,
  title={Szeg{\"o} via {J}acobi},
  author={B{\"o}ttcher, Albrecht and Widom, Harold},
  journal={Linear algebra and its applications},
  volume={419},
  number={2-3},
  pages={656--667},
  year={2006},
  publisher={Elsevier}
}

@article{Stephan2017,
  title={Return probability after a quench from a domain wall initial state in the spin-1/2 {XXZ} chain},
  author={St{\'e}phan, Jean-Marie},
  journal={Journal of Statistical Mechanics: Theory and Experiment},
  volume={2017},
  number={10},
  pages={103108},
  year={2017},
  publisher={IOP Publishing}
}

@article{DidenkoSilbermann2017,
  title={Invertibility and inverses of Toeplitz plus Hankel operators},
  author={Didenko, Victor D and Silbermann, Bernd},
  journal={J. Operator Theory},
  volume={72},
  number={2},
  pages={293--307},
  year={2017}
}

@article{DidenkoSilbermann2014,
  title={Structure of kernels and cokernels of {T}oeplitz plus {H}ankel operators},
  author={Didenko, Victor D and Silbermann, Bernd},
  journal={Integral Equations and Operator Theory},
  volume={80},
  number={1},
  pages={1--31},
  year={2014},
  publisher={Springer}
}


@inproceedings{Liu2018,
  title={Height fluctuations of stationary {TASEP} on a ring in relaxation time scale},
  author={Liu, Zhipeng},
  booktitle={Annales de l'Institut Henri Poincar{\'e}, Probabilit{\'e}s et Statistiques},
  volume={54},
  number={2},
  pages={1031--1057},
  year={2018},
  organization={Institut Henri Poincar{\'e}}
}

@article{BasorEhrhardt2008,
  title={Determinant computations for some classes of {T}oeplitz-{H}ankel matrices},
  author={Basor, Estelle L and Ehrhardt, Torsten},
  journal={arXiv preprint arXiv:0804.3073},
  year={2008}
}

@article{BisiZygouras19a,
  title={Point-to-line polymers and orthogonal Whittaker functions},
  author={Bisi, Elia and Zygouras, Nikos},
  journal={Transactions of the American Mathematical Society},
  volume={371},
  number={12},
  pages={8339--8379},
  year={2019}
}

@article{BisiZygouras19b,
  title={GOE and $Airy_{2 \rightarrow 1}$ Marginal Distribution via Symplectic Schur Functions},
  author={Bisi, Elia and Zygouras, Nikos},
  journal={Probability and Analysis in Interacting Physical Systems},
  pages={191},
  year={2019},
  publisher={Springer}
}


@article{DerridaLebowitzSpeer03,
	Author = {Derrida, B and Lebowitz, JL and Speer, ER},
	Date-Added = {2019-09-04 22:12:41 +0000},
	Date-Modified = {2019-09-04 22:13:55 +0000},
	Journal = {Journal of statistical physics},
	Number = {3-6},
	Pages = {775--810},
	Title = {Exact large deviation functional of a stationary open driven diffusive system: the asymmetric exclusion process},
	Volume = {110},
	Year = {2003}}

@article{BarraquandBorodinCorwinWheeler18,
	Author = {Barraquand, Guillaume and Borodin, Alexei and Corwin, Ivan and Wheeler, Michael},
	Date-Added = {2019-09-04 21:18:08 +0000},
	Date-Modified = {2019-09-04 21:19:14 +0000},
	Journal = {Duke Mathematical Journal},
	Number = {13},
	Pages = {2457--2529},
	Title = {Stochastic six-vertex model in a half-quadrant and half-line open asymmetric simple exclusion process},
	Volume = {167},
	Year = {2018}}

@article{Derrida06,
	Author = {Derrida, Bernard},
	Date-Added = {2019-09-04 21:14:31 +0000},
	Date-Modified = {2019-09-04 21:15:24 +0000},
	Journal = {Proceedings of the International Congress of Mathematicians, Madrid},
	Pages = {367--382},
	Title = {Matrix ansatz and large deviations of the density in exclusion processes},
	Year = {2006}}

@article{CorwinShen18,
	Author = {Corwin, Ivan and Shen, Hao},
	Date-Added = {2019-09-04 21:12:00 +0000},
	Date-Modified = {2019-09-04 21:12:56 +0000},
	Journal = {Communications on Pure and Applied Mathematics},
	Number = {10},
	Title = {Open ASEP in the weakly asymmetric regime},
	Volume = {71},
	Year = {2018}}

@article{Liu19,
	Author = {Liu, Zhipeng},
	Date-Added = {2019-09-04 19:46:31 +0000},
	Date-Modified = {2019-09-04 19:47:00 +0000},
	Journal = {arXiv preprint arXiv:1907.09876},
	Title = {Multi-time distribution of {TASEP}},
	Year = {2019}}

@article{BaryshnikovMelczerPemantle19,
	Author = {Baryshnikov, Yuliy and Melczer, Stephen and Pemantle, Robin},
	Date-Added = {2019-09-04 19:43:40 +0000},
	Date-Modified = {2019-09-04 19:44:42 +0000},
	Journal = {arXiv preprint arXiv:1905.05250},
	Title = {Critical points at infinity for analytic combinatorics},
	Year = {2019}}

@article{PetrovSaenz19,
	Author = {Petrov, Leonid and Saenz, Axel},
	Date-Added = {2019-09-04 19:29:20 +0000},
	Date-Modified = {2019-09-04 19:30:40 +0000},
	Journal = {arXiv preprint arXiv:1907.09155},
	Title = {Mapping TASEP back in time},
	Year = {2019}}

@article{GhosalSaenzZell19,
	Author = {Ghosal, Promit and Saenz, Axel and Zell, Ethan C},
	Date-Added = {2019-09-04 19:27:44 +0000},
	Date-Modified = {2019-09-04 19:28:26 +0000},
	Journal = {arXiv preprint arXiv:1903.09615},
	Title = {Limiting speed of a second class particle in ASEP},
	Year = {2019}}

@article{BorodinFerrari14,
	Author = {Borodin, Alexei and Ferrari, Patrik L},
	Date-Added = {2019-09-04 19:09:34 +0000},
	Date-Modified = {2019-09-04 19:10:45 +0000},
	Journal = {Communications in Mathematical Physics},
	Number = {2},
	Pages = {603--684},
	Title = {Anisotropic growth of random surfaces in 2+ 1 dimensions},
	Volume = {325},
	Year = {2014}}

@article{BorodinGorin16,
	Author = {Borodin, Alexei and Gorin, Vadim},
	Date-Added = {2019-09-04 19:01:26 +0000},
	Date-Modified = {2019-09-04 19:02:24 +0000},
	Journal = {Probability and statistical physics in St. Petersburg},
	Number = {155-214},
	Title = {Lectures on integrable probability},
	Volume = {91},
	Year = {2016}}

@article{Pauling35,
	Author = {Pauling, Linus},
	Date-Added = {2019-09-04 18:51:54 +0000},
	Date-Modified = {2019-09-04 18:52:52 +0000},
	Journal = {Journal of the American Chemical Society},
	Number = {12},
	Pages = {2680--2684},
	Title = {The structure and entropy of ice and of other crystals with some randomness of atomic arrangement},
	Volume = {57},
	Year = {1935}}

@article{LiuSaenzWang19,
	Author = {Liu, Zhipeng and Saenz, Axel and Wang, Dong},
	Date-Added = {2019-09-04 18:48:45 +0000},
	Date-Modified = {2019-09-04 18:49:29 +0000},
	Journal = {arXiv preprint arXiv:1905.02987},
	Title = {Integral formulas of {ASEP} and $ q $-{TAZRP} on a Ring},
	Year = {2019}}

@article{Schutz97,
	Author = {Sch{\"u}tz, Gunter M},
	Date-Added = {2019-09-04 18:45:07 +0000},
	Date-Modified = {2019-09-04 18:46:03 +0000},
	Journal = {Journal of statistical physics},
	Number = {1-2},
	Pages = {427--445},
	Title = {Exact solution of the master equation for the asymmetric exclusion process},
	Volume = {88},
	Year = {1997}}

@article{RakosSchutz05,
	Author = {R{\'a}kos, Attila and Sch{\"u}tz, Gunter M},
	Date-Added = {2019-09-04 18:40:46 +0000},
	Date-Modified = {2019-09-04 18:41:35 +0000},
	Journal = {arXiv preprint cond-mat/0506525},
	Title = {Bethe ansatz and current distribution for the {TASEP} with particle-dependent hopping rates},
	Year = {2005}}

@article{TW08b,
	Author = {Tracy, Craig A and Widom, Harold},
	Date-Added = {2019-09-04 18:33:06 +0000},
	Date-Modified = {2019-09-04 18:35:15 +0000},
	Journal = {Journal of Statistical Physics},
	Number = {2},
	Pages = {291--300},
	Title = {A Fredholm determinant representation in {ASEP}},
	Volume = {132},
	Year = {2008}}

@article{TW09a,
	Author = {Tracy, Craig A and Widom, Harold},
	Date-Added = {2019-09-04 18:31:50 +0000},
	Date-Modified = {2019-09-04 18:34:55 +0000},
	Journal = {Communications in Mathematical Physics},
	Number = {1},
	Pages = {129--154},
	Title = {Asymptotics in {ASEP} with step initial condition},
	Volume = {290},
	Year = {2009}}

@book{KipnisLandim13,
	Author = {Kipnis, Claude and Landim, Claudio},
	Date-Added = {2019-09-04 18:27:03 +0000},
	Date-Modified = {2019-09-04 18:28:11 +0000},
	Publisher = {Springer Science \& Business Media},
	Title = {Scaling limits of interacting particle systems},
	Volume = {320},
	Year = {2013}}

@article{Seppalainen99,
	Author = {Sepp{\"a}l{\"a}inen, Timo},
	Date-Added = {2019-09-04 18:25:16 +0000},
	Date-Modified = {2019-09-04 18:26:14 +0000},
	Journal = {The Annals of Probability},
	Number = {1},
	Pages = {361--415},
	Title = {Existence of hydrodynamics for the totally asymmetric simple K-exclusion process},
	Volume = {27},
	Year = {1999}}

@article{Rost81,
	Author = {Rost, Hermann},
	Date-Added = {2019-09-04 18:23:35 +0000},
	Date-Modified = {2019-09-04 18:24:19 +0000},
	Journal = {Zeitschrift f{\"u}r Wahrscheinlichkeitstheorie und Verwandte Gebiete},
	Number = {1},
	Pages = {41--53},
	Title = {Non-equilibrium behaviour of a many particle process: Density profile and local equilibria},
	Volume = {58},
	Year = {1981}}

@article{Liggett77,
	Author = {Liggett, Thomas M},
	Date-Added = {2019-09-04 18:21:29 +0000},
	Date-Modified = {2019-09-04 18:22:28 +0000},
	Journal = {The Annals of Probability},
	Pages = {795--801},
	Title = {Ergodic theorems for the asymmetric simple exclusion process II},
	Year = {1977}}

@article{Liggett75,
	Author = {Liggett, Thomas M},
	Date-Added = {2019-09-04 18:20:34 +0000},
	Date-Modified = {2019-09-04 18:21:19 +0000},
	Journal = {Transactions of the American Mathematical Society},
	Pages = {237--261},
	Title = {Ergodic theorems for the asymmetric simple exclusion process},
	Volume = {213},
	Year = {1975}}

@article{MacDonaldGibbsPipkin68,
	Author = {MacDonald, Carolyn T and Gibbs, Julian H and Pipkin, Allen C},
	Date-Added = {2019-09-04 18:18:35 +0000},
	Date-Modified = {2019-09-04 18:19:36 +0000},
	Journal = {Biopolymers: Original Research on Biomolecules},
	Number = {1},
	Pages = {1--25},
	Title = {Kinetics of biopolymerization on nucleic acid templates},
	Volume = {6},
	Year = {1968}}

@article{MacDonaldGibbs69,
	Author = {MacDonald, Carolyn T and Gibbs, Julian H},
	Date-Added = {2019-09-04 18:17:03 +0000},
	Date-Modified = {2019-09-04 18:18:08 +0000},
	Journal = {Biopolymers: Original Research on Biomolecules},
	Number = {5},
	Pages = {707--725},
	Title = {Concerning the kinetics of polypeptide synthesis on polyribosomes},
	Volume = {7},
	Year = {1969}}

@article{spitzer,
	Author = {Spitzer, Frank},
	Date-Added = {2018-09-25 02:13:48 +0000},
	Date-Modified = {2018-09-25 02:14:55 +0000},
	Journal = {Advances in Mathematics},
	Number = {2},
	Pages = {246--290},
	Title = {Interaction of Markov processes},
	Volume = {5},
	Year = {1970}}

@inproceedings{BorodinPetrov17,
	Author = {Borodin, Alexei and Petrov, Leonid},
	Booktitle = {Stochastic processes and random matrices},
	Date-Added = {2018-09-24 16:46:33 +0000},
	Date-Modified = {2019-09-04 18:56:04 +0000},
	Pages = {26--131},
	Title = {Integrable probability: stochastic vertex models and symmetric functions},
	Year = {2017}}

@article{barraquand2018,
	Author = {Barraquand, Guillaume and Borodin, Alexei and Corwin, Ivan and Wheeler, Michael},
	Date-Added = {2018-09-24 16:44:15 +0000},
	Date-Modified = {2018-09-24 16:44:44 +0000},
	Journal = {Duke Mathematical Journal},
	Title = {Stochastic six-vertex model in a half-quadrant and half-line open asymmetric simple exclusion process},
	Year = {2018}}

@article{Aggarwal2016,
	Author = {Aggarwal, Amol and Borodin, Alexei},
	Date-Added = {2018-09-24 16:42:10 +0000},
	Date-Modified = {2019-09-04 18:59:57 +0000},
	Journal = {arXiv preprint arXiv:1607.08684},
	Title = {Phase transitions in the ASEP and stochastic six-vertex model},
	Year = {2016}}

@article{AmirAngelValko11,
	Author = {Amir, Gideon and Angel, Omer and Valk{\'o}, Benedek},
	Date-Added = {2018-09-24 16:39:28 +0000},
	Date-Modified = {2019-09-04 19:52:44 +0000},
	Journal = {The Annals of Probability},
	Number = {4},
	Pages = {1205--1242},
	Title = {The TASEP speed process},
	Volume = {39},
	Year = {2011}}

@article{mountford2005,
	Author = {Mountford, Thomas and Guiol, Herv{\'e}},
	Date-Added = {2018-09-24 16:37:32 +0000},
	Date-Modified = {2018-09-24 16:38:27 +0000},
	Journal = {The Annals of Applied Probability},
	Number = {2},
	Pages = {1227--1259},
	Title = {The motion of a second class particle for the TASEP starting from a decreasing shock profile},
	Volume = {15},
	Year = {2005}}

@article{cator2012,
	Author = {Cator, Eric and Pimentel, Leandro PR},
	Date-Added = {2018-09-24 16:30:56 +0000},
	Date-Modified = {2018-09-24 16:31:58 +0000},
	Journal = {Probability Theory and Related Fields},
	Number = {1-2},
	Title = {Busemann functions and equilibrium measures in last passage percolation models},
	Volume = {154},
	Year = {2012}}

@article{ferrari1996,
	Author = {Ferrari, PA and Kipnis, C},
	Date-Added = {2018-09-24 16:25:31 +0000},
	Date-Modified = {2018-09-24 16:27:32 +0000},
	Journal = {Annales de l'IHP, section B},
	Number = {1},
	Pages = {143--154},
	Title = {Second class particles in the rarefaction fan},
	Volume = {31},
	Year = {1995}}

@book{liggett2012,
	Author = {Liggett, Thomas Milton},
	Date-Added = {2018-09-24 16:21:21 +0000},
	Date-Modified = {2018-09-24 16:22:03 +0000},
	Publisher = {Springer Science \& Business Media},
	Title = {Interacting particle systems},
	Volume = {276},
	Year = {2012}}

@article{matetski2016,
	Author = {Matetski, Konstantin and Quastel, Jeremy and Remenik, Daniel},
	Date-Added = {2018-09-24 16:19:45 +0000},
	Date-Modified = {2018-09-24 16:20:19 +0000},
	Journal = {arXiv preprint arXiv:1701.00018},
	Title = {The KPZ fixed point},
	Year = {2016}}

@article{bertini1997,
	Author = {Bertini, Lorenzo and Giacomin, Giambattista},
	Date-Added = {2018-09-24 16:14:31 +0000},
	Date-Modified = {2018-09-24 16:15:26 +0000},
	Journal = {Communications in mathematical physics},
	Number = {3},
	Pages = {571--607},
	Title = {Stochastic Burgers and KPZ equations from particle systems},
	Volume = {183},
	Year = {1997}}

@article{cator2013,
	Author = {Cator, Eric and Pimentel, Leandro PR},
	Date-Added = {2018-09-24 16:01:02 +0000},
	Date-Modified = {2018-09-24 16:02:37 +0000},
	Journal = {The Annals of Probability},
	Number = {4},
	Title = {Busemann functions and the speed of a second class particle in the rarefaction fan},
	Volume = {41},
	Year = {2013}}

@article{borodinwheeler2018,
	Author = {Borodin, Alexei and Wheeler, Michael},
	Date-Added = {2018-09-24 15:59:17 +0000},
	Date-Modified = {2018-09-24 15:59:55 +0000},
	Journal = {arXiv preprint arXiv:1808.01866},
	Title = {Coloured stochastic vertex models and their spectral theory},
	Year = {2018}}
	
@article{BorodinGorinWheeler2019,
	Author = {Borodin, Alexei and Gorin, Vadim and Wheeler, Michael},
	Date-Added = {2018-09-24 15:59:17 +0000},
	Date-Modified = {2018-09-24 15:59:55 +0000},
	Journal = {arXiv preprint arXiv:1912.02957},
	Title = {Shift-invariance for vertex models and Polymers},
	Year = {2019}}

@article{orrpetrov2017,
	Author = {Orr, Daniel and Petrov, Leonid},
	Date-Added = {2018-09-24 15:54:53 +0000},
	Date-Modified = {2018-09-24 15:56:10 +0000},
	Journal = {Advances in Mathematics},
	Pages = {473--525},
	Title = {Stochastic higher spin six vertex model and q-TASEPs},
	Volume = {317},
	Year = {2017}}

@article{KnizelPetrovSaenz18,
	Author = {Knizel, Alisa and Petrov, Leonid and Saenz, Axel},
	Date-Added = {2018-09-24 15:51:14 +0000},
	Date-Modified = {2019-09-04 19:29:45 +0000},
	Journal = {arXiv preprint arXiv:1808.09855},
	Title = {Generalizations of TASEP in discrete and continuous inhomogeneous space},
	Year = {2018}}
	
@article{BorodinPetrov16,
	Author = {Borodin, Alexei and Petrov, Leonid},
	Date-Added = {2018-09-24 15:51:14 +0000},
	Date-Modified = {2019-09-04 19:29:45 +0000},
	Journal = {arXiv preprint arXiv:1605.01349},
	Title = {Lectures on Integrable Probability: Stochastic Vertex Models and Symmetric Functions},
	Year = {2016}}

@article{ghosal2018,
	Author = {Ghosal, Promit},
	Date-Added = {2018-09-24 15:47:43 +0000},
	Date-Modified = {2018-09-24 15:48:36 +0000},
	Journal = {arXiv preprint arXiv:1808.04353},
	Title = {Moments of the SHE under delta initial measure},
	Year = {2018}}

@article{BorodinCorwin14b,
	Author = {Borodin, Alexei and Corwin, Ivan},
	Date-Added = {2018-09-24 15:44:50 +0000},
	Date-Modified = {2019-09-04 19:38:24 +0000},
	Journal = {The Annals of Applied Probability},
	Number = {3},
	Pages = {1172--1198},
	Title = {Moments and Lyapunov exponents for the parabolic Anderson model},
	Volume = {24},
	Year = {2014}}

@article{Aggarwal2017,
	Author = {Aggarwal, Amol},
	Date-Added = {2018-09-24 15:11:34 +0000},
	Date-Modified = {2019-09-04 18:59:57 +0000},
	Journal = {Mathematical Physics, Analysis and Geometry},
	Number = {2},
	Title = {Convergence of the stochastic six-vertex model to the ASEP},
	Volume = {20},
	Year = {2017}}

@article{duminil2018,
	Author = {Duminil-Copin, Hugo and Gagnebin, Maxime and Harel, Matan and Manolescu, Ioan and Tassion, Vincent and others},
	Date-Added = {2018-09-24 15:07:43 +0000},
	Date-Modified = {2018-09-24 15:10:44 +0000},
	Journal = {Probability Surveys},
	Pages = {102--130},
	Title = {The Bethe ansatz for the six-vertex and XXZ models: An exposition},
	Volume = {15},
	Year = {2018}}

@article{corwin2012,
	Author = {Corwin, Ivan},
	Date-Added = {2018-09-24 15:04:34 +0000},
	Date-Modified = {2018-09-24 15:05:21 +0000},
	Journal = {Random matrices: Theory and applications},
	Number = {01},
	Title = {The Kardar--Parisi--Zhang equation and universality class},
	Volume = {1},
	Year = {2012}}

@phdthesis{rodriguez2016integrability,
	Author = {Saenz, Axel},
	School = {University of California, Davis},
	Title = {Integrability and $\tau$-functions on Random Walkers \& Isomonodromy Deformation Systems},
	Year = {2016}}

@article{borot2011matrix,
	Author = {Borot, Ga{\"e}tan and Eynard, Bertrand and Mulase, Motohico and Safnuk, Brad},
	Journal = {Journal of Geometry and Physics},
	Number = {2},
	Pages = {522--540},
	Publisher = {Elsevier},
	Title = {A matrix model for simple Hurwitz numbers, and topological recursion},
	Volume = {61},
	Year = {2011}}

@article{borodin2016higher,
	Author = {Borodin, Alexei and Petrov, Leonid},
	Journal = {Selecta Mathematica},
	Pages = {1--124},
	Publisher = {Springer},
	Title = {Higher spin six vertex model and symmetric rational functions},
	Year = {2016}}

@article{BorodinCorwinGorin16,
	Author = {Borodin, Alexei and Corwin, Ivan and Gorin, Vadim and others},
	Date-Modified = {2019-09-04 18:59:54 +0000},
	Journal = {Duke Mathematical Journal},
	Number = {3},
	Pages = {563--624},
	Publisher = {Duke University Press},
	Title = {Stochastic six-vertex model},
	Volume = {165},
	Year = {2016}}


@article{baikliu2018,
	Author = {Baik, Jinho and Liu, Zhipeng},
	Date-Modified = {2018-09-24 16:10:38 +0000},
	Journal = {Communications on Pure and Applied Mathematics},
	Number = {4},
	Pages = {747--813},
	Title = {Fluctuations of {TASEP} on a ring in relaxation time scale},
	Volume = {71},
	Year = {2018}}

@article{BaikLiu19,
	Author = {Baik, Jinho and Liu, Zhipeng},
	Date-Modified = {2019-09-04 19:49:42 +0000},
	Journal = {Journal of the American Mathematical Society},
	Title = {Multipoint distribution of periodic {TASEP}},
	Year = {2019}}

@article{baik2016facilitated,
	Author = {Baik, Jinho and Barraquand, Guillaume and Corwin, Ivan and Suidan, Toufic},
	Journal = {arXiv preprint arXiv:1606.00525},
	Title = {Facilitated exclusion process and {P}faffian {S}chur processes},
	Year = {2016}}

@article{baik2001asymptotics,
	Author = {Baik, Jinho and Rains, Eric M and others},
	Journal = {Duke Mathematical Journal},
	Number = {2},
	Pages = {205--281},
	Publisher = {Duke University Press},
	Title = {The asymptotics of monotone subsequences of involutions},
	Volume = {109},
	Year = {2001}}

@article{crampe2010eigenvectors,
	Author = {Cramp{\'e}, Nicolas and Ragoucy, Eric and Simon, Damien},
	Journal = {Journal of Statistical Mechanics: Theory and Experiment},
	Number = {11},
	Pages = {P11038},
	Publisher = {IOP Publishing},
	Title = {Eigenvectors of open XXZ and ASEP models for a class of non-diagonal boundary conditions},
	Volume = {2010},
	Year = {2010}}

@phdthesis{Grosskinsky,
	Author = {Grosskinsky, Stefan},
	School = {Technische Universit{\"a}t M{\"u}nchen, Universit{\"a}tsbibliothek},
	Title = {Phase transitions in nonequilibrium stochastic particle systems with local conservation laws},
	Year = {2004}}

@article{DerridaEvansMartinHakimPasquier,
	Author = {Derrida, Bernard and Evans, Martin R and Hakim, Vincent and Pasquier, Vincent},
	Journal = {Journal of Physics A: Mathematical and General},
	Number = {7},
	Pages = {1493},
	Publisher = {IOP Publishing},
	Title = {Exact solution of a 1D asymmetric exclusion model using a matrix formulation},
	Volume = {26},
	Year = {1993}}

@article{TW13b,
	Author = {Tracy, Craig A and Widom, Harold},
	Journal = {Journal of Statistical Physics},
	Number = {1},
	Pages = {1--12},
	Publisher = {Springer},
	Title = {The {B}ose gas and asymmetric simple exclusion process on the half-line},
	Volume = {150},
	Year = {2013}}

@article{TW13a,
	Author = {Tracy, Craig A and Widom, Harold},
	Journal = {Journal of Mathematical Physics},
	Number = {10},
	Pages = {103301},
	Publisher = {AIP},
	Title = {The asymmetric simple exclusion process with an open boundary},
	Volume = {54},
	Year = {2013}}

@article{BarraquandBorodinCorwinWheeler,
	Author = {Barraquand, Guillaume and Borodin, Alexei and Corwin, Ivan and Wheeler, Michael},
	Journal = {arXiv preprint arXiv:1704.04309},
	Title = {Stochastic six-vertex model in a half-quadrant and half-line open ASEP},
	Year = {2017}}

@article{Sato,
	Author = {Sato, Mikio},
	Publisher = {京都大学数理解析研究所},
	Title = {Soliton equations as dynamical systems on a infinite dimensional Grassmann manifolds (random systems and dynamical systems)},
	Year = {1981}}

@book{BabelonBernardTalon,
	Author = {Babelon, Olivier and Bernard, Denis and Talon, Michel},
	Publisher = {Cambridge University Press},
	Title = {Introduction to classical integrable systems},
	Year = {2003}}
	
@book{Kac90,
  title={Infinite-dimensional Lie algebras},
  author={Kac, Victor G},
  year={1990},
  publisher={Cambridge university press}
}

@article{OkounkovReshetikhin03,
	Author = {Okounkov, Andrei and Reshetikhin, Nikolai},
	Date-Added = {2017-11-06 03:54:16 +0000},
	Date-Modified = {2019-09-04 18:54:01 +0000},
	Journal = {Journal of the American Mathematical Society},
	Number = {3},
	Title = {Correlation function of Schur process with application to local geometry of a random 3-dimensional Young diagram},
	Volume = {16},
	Year = {2003}}

@article{BaikDeiftJohansson,
	Author = {Baik, Jinho and Deift, Percy and Johansson, Kurt},
	Date-Added = {2017-11-06 03:49:33 +0000},
	Date-Modified = {2017-11-06 03:50:28 +0000},
	Journal = {Journal of the American Mathematical Society},
	Number = {4},
	Pages = {1119--1178},
	Title = {On the distribution of the length of the longest increasing subsequence of random permutations},
	Volume = {12},
	Year = {1999}}

@article{TW94,
	Author = {Tracy, Craig A and Widom, Harold},
	Date-Added = {2017-11-06 03:46:13 +0000},
	Date-Modified = {2017-11-06 03:47:12 +0000},
	Journal = {Communications in Mathematical Physics},
	Number = {1},
	Pages = {151--174},
	Title = {Level-spacing distributions and the {A}iry kernel},
	Volume = {159},
	Year = {1994}}

@article{BorodinCorwinPetrovSasamoto,
	Author = {Borodin, Alexei and Corwin, Ivan and Petrov, Leonid and Sasamoto, Tomohiro},
	Date-Added = {2017-11-06 03:35:23 +0000},
	Date-Modified = {2017-11-06 03:36:58 +0000},
	Journal = {Compositio Mathematica},
	Number = {1},
	Pages = {1--67},
	Title = {Spectral theory for the $ q $-Boson particle system},
	Volume = {151},
	Year = {2015}}

@article{Iwaki1,
	Author = {Iwaki, Kohei and Saenz, Axel},
	Date-Added = {2017-10-02 03:20:04 +0000},
	Date-Modified = {2017-10-02 03:20:57 +0000},
	Journal = {Symmetry, Integrability and Geometry. Methods and Applications},
	Title = {Quantum Curve and the First Painlev{\'e} Equation},
	Volume = {12},
	Year = {2016}}

@article{baikliu2016,
	Author = {Baik, Jinho and Liu, Zhipeng},
	Date-Added = {2017-09-30 13:22:06 +0000},
	Date-Modified = {2018-09-24 15:16:55 +0000},
	Journal = {Journal of Statistical Physics},
	Number = {6},
	Pages = {1051--1085},
	Title = {{TASEP} on a ring in sub-relaxation time scale},
	Volume = {165},
	Year = {2016}}

@incollection{Langlands,
	Author = {Langlands, Robert and Saint-Aubin, Yvan},
	Booktitle = {Strings and Symmetries},
	Date-Added = {2017-09-30 09:54:12 +0000},
	Date-Modified = {2017-09-30 09:54:12 +0000},
	Pages = {40--53},
	Publisher = {Springer},
	Title = {Algebro-geometric aspects of the {B}ethe equations},
	Year = {1995}}

@article{Takeuchi,
	Author = {Takeuchi, Kazumasa A and Sano, Masaki},
	Date-Added = {2017-09-30 09:18:52 +0000},
	Date-Modified = {2017-09-30 09:19:46 +0000},
	Journal = {Journal of Statistical Physics},
	Number = {5},
	Pages = {853--890},
	Title = {Evidence for geometry-dependent universal fluctuations of the Kardar-Parisi-Zhang interfaces in liquid-crystal turbulence},
	Volume = {147},
	Year = {2012}}

@article{Okounkov,
	Author = {Okounkov, Andrei},
	Date-Added = {2017-09-30 08:52:16 +0000},
	Date-Modified = {2017-09-30 08:53:06 +0000},
	Journal = {Selecta Mathematica, New Series},
	Number = {1},
	Pages = {57--81},
	Title = {Infinite wedge and random partitions},
	Volume = {7},
	Year = {2001}}

@article{GwaSpohn92,
	Author = {Gwa, Leh-Hun and Spohn, Herbert},
	Date-Added = {2017-09-30 08:47:52 +0000},
	Date-Modified = {2019-09-04 18:46:48 +0000},
	Journal = {Physical review letters},
	Number = {6},
	Title = {ix-vertex model, roughened surfaces, and an asymmetric spin Hamiltonian},
	Volume = {68},
	Year = {1992}}

@book{Sutherland,
	Author = {Sutherland, Bill},
	Date-Added = {2017-03-16 22:23:34 +0000},
	Date-Modified = {2017-03-16 22:24:14 +0000},
	Publisher = {World Scientific Publishing Co Inc},
	Title = {Beautiful models: 70 years of exactly solved quantum many-body problems},
	Year = {2004}}

@article{Motohico14,
	Author = {Dumitrescu, Olivia and Mulase, Motohico},
	Date-Added = {2017-03-16 21:12:35 +0000},
	Date-Modified = {2017-03-16 21:13:24 +0000},
	Journal = {Letters in Mathematical Physics},
	Number = {6},
	Pages = {635--671},
	Title = {Quantum curves for Hitchin fibrations and the Eynard--Orantin theory},
	Volume = {104},
	Year = {2014}}

@article{Iwaki,
	Author = {Iwaki, Kohei and Marchal, Olivier and Saenz, Axel},
	Date-Added = {2017-03-16 21:10:17 +0000},
	Date-Modified = {2017-03-16 21:11:15 +0000},
	Journal = {arXiv preprint arXiv:1601.02517},
	Title = {Painlev\'e equations, topological type property and reconstruction by the topological recursion},
	Year = {2016}}

@article{Bouchard,
	Author = {Bouchard, Vincent and Hutchinson, Joel and Loliencar, Prachi and Meiers, Michael and Rupert, Matthew},
	Date-Added = {2017-03-16 21:06:59 +0000},
	Date-Modified = {2017-03-16 21:08:11 +0000},
	Journal = {arXiv preprint arXiv:1208.6035},
	Title = {A generalized topological recursion for arbitrary ramification},
	Year = {2012}}

@article{Eynard04,
	Author = {Eynard, Bertrand},
	Date-Added = {2017-03-16 21:00:56 +0000},
	Date-Modified = {2017-03-16 21:04:33 +0000},
	Journal = {Journal of High Energy Physics},
	Number = {11},
	Title = {Topological expansion for the 1-hermitian matrix model correlation functions},
	Year = {2005}}

@article{Eynard11,
	Author = {Eynard, Bertrand},
	Date-Added = {2017-03-16 20:01:01 +0000},
	Date-Modified = {2017-03-16 20:02:07 +0000},
	Journal = {arXiv preprint arXiv:1110.2949},
	Title = {Invariants of spectral curves and intersection theory of moduli spaces of complex curves},
	Year = {2011}}

@article{Shadrin,
	Author = {Dunin-Barkowski, Petr and Orantin, Nicolas and Shadrin, Sergey and Spitz, Loek},
	Date-Added = {2017-03-16 19:45:42 +0000},
	Date-Modified = {2017-03-16 19:46:42 +0000},
	Journal = {Communications in Mathematical Physics},
	Number = {2},
	Pages = {669--700},
	Title = {Identification of the Givental formula with the spectral curve topological recursion procedure},
	Volume = {328},
	Year = {2014}}

@article{Motohico,
	Author = {Dumitrescu, Olivia and Mulase, Motohico and Safnuk, Brad and Sorkin, Adam},
	Date-Added = {2017-03-16 19:39:50 +0000},
	Date-Modified = {2017-11-06 07:16:14 +0000},
	Journal = {Contemp. Math},
	Pages = {263--315},
	Title = {The spectral curve of the Eynard-Orantin recursion via the Laplace transform},
	Volume = {593},
	Year = {2013}}

@article{SasamotoSpohn,
	Author = {Sasamoto, Tomohiro and Spohn, Herbert},
	Date-Added = {2017-03-16 13:24:37 +0000},
	Date-Modified = {2017-03-16 13:25:49 +0000},
	Journal = {Journal of Statistical Physics},
	Number = {5},
	Pages = {917--935},
	Title = {Superdiffusivity of the 1D lattice Kardar-Parisi-Zhang equation},
	Volume = {137},
	Year = {2009}}

@article{ACQ,
	Author = {Amir, Gideon and Corwin, Ivan and Quastel, Jeremy},
	Date-Added = {2017-03-16 12:44:50 +0000},
	Date-Modified = {2017-03-16 12:45:46 +0000},
	Journal = {Communications on pure and applied mathematics},
	Number = {4},
	Pages = {466--537},
	Title = {Probability distribution of the free energy of the continuum directed random polymer in 1+ 1 dimensions},
	Volume = {64},
	Year = {2011}}

@article{BorodinCorwin14a,
	Author = {Borodin, Alexei and Corwin, Ivan},
	Date-Added = {2017-03-16 12:29:18 +0000},
	Date-Modified = {2019-09-04 19:38:46 +0000},
	Journal = {Probability Theory and Related Fields},
	Number = {1-2},
	Pages = {225--400},
	Title = {Macdonald processes},
	Volume = {158},
	Year = {2014}}

@article{Mueller,
	Author = {Mueller, Carl},
	Date-Added = {2017-03-16 12:20:42 +0000},
	Date-Modified = {2017-03-16 12:21:47 +0000},
	Journal = {Stochastics: An International Journal of Probability and Stochastic Processes},
	Number = {4},
	Pages = {225--245},
	Title = {On the support of solutions to the heat equation with noise},
	Volume = {37},
	Year = {1991}}

@article{Johansson00,
	Author = {Johansson, Kurt},
	Date-Added = {2017-03-16 11:49:25 +0000},
	Date-Modified = {2019-09-04 18:35:48 +0000},
	Journal = {Communications in mathematical physics},
	Number = {2},
	Pages = {437--476},
	Title = {Shape fluctuations and random matrices},
	Volume = {209},
	Year = {2000}}

@article{JMMS80,
	Author = {Jimbo, Michio and Miwa, Tetsuji and M{\^o}ri, Yasuko and Sato, Mikio},
	Date-Added = {2017-03-16 11:18:46 +0000},
	Date-Modified = {2017-03-16 11:21:43 +0000},
	Journal = {Physica D: Nonlinear Phenomena},
	Number = {1},
	Pages = {80--158},
	Title = {Density matrix of an impenetrable Bose gas and the fifth Painlev{\'e} transcendent},
	Volume = {1},
	Year = {1980}}

@article{kontsevich,
	Author = {Kontsevich, Maxim},
	Date-Added = {2017-03-16 11:15:19 +0000},
	Date-Modified = {2017-03-16 11:16:24 +0000},
	Journal = {Communications in Mathematical Physics},
	Number = {1},
	Pages = {1--23},
	Title = {Intersection theory on the moduli space of curves and the matrix Airy function},
	Volume = {147},
	Year = {1992}}

@incollection{CorwinASEP,
	Author = {Corwin, Ivan},
	Booktitle = {Topics in Percolative and Disordered Systems},
	Date-Added = {2017-03-13 00:10:15 +0000},
	Date-Modified = {2017-03-13 00:11:22 +0000},
	Journal = {Topics in Percolative and Disordered Systems},
	Publisher = {Springer},
	Title = {Two ways to solve {ASEP}},
	Year = {2014}}

@article{Corwin,
	Author = {Corwin, Ivan},
	Date-Added = {2017-03-13 00:05:49 +0000},
	Date-Modified = {2017-03-13 00:06:39 +0000},
	Journal = {Random matrices: Theory and applications},
	Number = {0},
	Title = {The Kardar--Parisi--Zhang equation and universality class},
	Volume = {1},
	Year = {2012}}

@article{BorotGUE,
	Author = {Borot, Gaetan and Eynard, Bertrand},
	Date-Added = {2017-03-12 23:55:46 +0000},
	Date-Modified = {2017-03-12 23:56:43 +0000},
	Journal = {arXiv preprint arXiv:1011.1418},
	Title = {Tracy-Widom GUE law and symplectic invariants},
	Year = {2010}}

@book{Baxter,
	Author = {Baxter, Rodney J},
	Date-Added = {2017-03-07 13:04:52 +0000},
	Date-Modified = {2017-03-07 13:05:35 +0000},
	Publisher = {Elsevier},
	Title = {Exactly solved models in statistical mechanics},
	Year = {1982}}

@inproceedings{BaxterCoulomb,
	Author = {Baxter, Rodney J},
	Booktitle = {Mathematical Proceedings of the Cambridge Philosophical Society},
	Date-Added = {2017-03-07 13:02:50 +0000},
	Date-Modified = {2017-03-16 14:26:36 +0000},
	Organization = {Cambridge Univ Press},
	Pages = {779--787},
	Title = {Statistical mechanics of a one-dimensional Coulomb system with a uniform charge background},
	Volume = {59},
	Year = {1963}}

@article{Dyson,
	Author = {Dyson, Freeman J},
	Date-Added = {2017-03-07 13:00:34 +0000},
	Date-Modified = {2017-03-07 13:01:20 +0000},
	Journal = {Journal of Mathematical Physics},
	Number = {1},
	Pages = {140--156},
	Title = {Statistical theory of the energy levels of complex systems. I},
	Volume = {3},
	Year = {1962}}

@book{Fermico,
	Author = {Enrico Fermi},
	Date-Added = {2017-03-07 12:58:04 +0000},
	Date-Modified = {2017-03-07 12:59:13 +0000},
	Publisher = {Dover Publications},
	Title = {Thermodynamics},
	Year = {1956}}

@book{Tao,
	Author = {Tao, Terence},
	Date-Added = {2017-03-07 12:54:12 +0000},
	Date-Modified = {2017-03-07 12:54:52 +0000},
	Publisher = {American Mathematical Society Providence, RI},
	Title = {Topics in random matrix theory},
	Year = {2012}}

@book{Mehta,
	Author = {Mehta, Madan Lal},
	Date-Added = {2017-03-04 20:59:24 +0000},
	Date-Modified = {2017-03-04 21:01:04 +0000},
	Publisher = {Academic press},
	Title = {Random matrices},
	Year = {2004}}

@article{TW09b,
	Author = {Tracy, Craig A. and Widom, Harold},
	Date-Added = {2017-03-01 17:15:39 +0000},
	Date-Modified = {2019-09-04 18:34:55 +0000},
	Journal = {Journal of Mathematical Physics},
	Number = {9},
	Title = {Total current fluctuations in the asymmetric simple exclusion process},
	Volume = {50},
	Year = {2009}}

@article{TW08a,
	Author = {Tracy, Craig A. and Widom, Harold},
	Date-Added = {2017-03-01 17:14:34 +0000},
	Date-Modified = {2019-09-04 18:34:34 +0000},
	Journal = {Communications in Mathematical Physics},
	Number = {3},
	Pages = {815--844},
	Title = {Integral formulas for the asymmetric simple exclusion process},
	Volume = {279},
	Year = {2008}}

@article{Eynard14,
	Author = {Eynard, Bertrand},
	Date-Added = {2017-03-01 17:13:32 +0000},
	Date-Modified = {2017-03-01 17:14:18 +0000},
	Journal = {arXiv preprint arXiv:1412.3286},
	Title = {A short overview of the ``Topological recursion"},
	Year = {2014}}

@article{Borodin,
	Author = {Borodin, Alexei and Corwin, Ivan and Ferrari, Patrik and Vet\H{o}, B\'{a}lint},
	Date-Added = {2017-03-01 17:12:40 +0000},
	Date-Modified = {2017-03-01 17:13:25 +0000},
	Journal = {Mathematical Physics, Analysis and Geometry},
	Number = {1},
	Pages = {1--95},
	Title = {Height Fluctuations for the Stationary KPZ Equation},
	Volume = {18},
	Year = {2015}}

@article{BorCor,
	Author = {Borodin, Alexei and Corwin, Ivan},
	Date-Added = {2017-03-01 17:11:38 +0000},
	Date-Modified = {2017-03-01 17:12:25 +0000},
	Journal = {International Mathematics Research Notices},
	Title = {Discrete time q-TASEPs},
	Year = {2013}}

@article{Saenz,
	Author = {Brattain, Eric and Do, Norman and Saenz, Axel},
	Date-Added = {2017-03-01 16:54:52 +0000},
	Date-Modified = {2017-03-01 17:02:03 +0000},
	Journal = {arXiv preprint arXiv:1511.03762},
	Title = {The completeness of the Bethe ansatz for the periodic ASEP},
	Year = {2015}}

@article{Bethe,
	Author = {Bethe, Hans},
	Date-Added = {2017-03-01 16:53:48 +0000},
	Date-Modified = {2017-03-01 16:54:40 +0000},
	Journal = {Z. Physik},
	Pages = {205--226},
	Title = {Zur Theorie der Metalle. I. Eigenwerte und Eigenfunktionen der lineare Atomkette},
	Volume = {71},
	Year = {1931}}

@article{FunkaiQuastel,
	Author = {Funaki, Tadahisa and Quastel, Jeremy},
	Date-Added = {2017-03-01 16:45:41 +0000},
	Date-Modified = {2017-03-01 16:47:05 +0000},
	Journal = {Stochastic Partial Differential Equations: Analysis and Computations},
	Number = {2},
	Pages = {159--220},
	Title = {KPZ equation, its renormalization and invariant measures},
	Volume = {3},
	Year = {2015}}

@article{Peszat,
	Author = {Peszat, Szymon and Zabczyk, Jerzy},
	Date-Added = {2017-03-01 16:44:07 +0000},
	Date-Modified = {2017-03-01 16:45:08 +0000},
	Journal = {Stochastic Processes and their Applications},
	Number = {2},
	Pages = {187--204},
	Title = {Stochastic evolution equations with a spatially homogeneous Wiener process},
	Volume = {72},
	Year = {1997}}

@article{EmbMae,
	Author = {Embrechts, Paul and Maejima, Makoto},
	Date-Added = {2017-03-01 16:40:45 +0000},
	Date-Modified = {2017-03-01 16:42:51 +0000},
	Journal = {International Journal of Modern Physics B},
	Number = {12-13},
	Pages = {1399--1420},
	Title = {An introduction to the theory of self-similar stochastic processes},
	Volume = {14},
	Year = {2000}}

@article{BertiniGiacomin97,
	Author = {Bertini, Lorenzo and Giacomin, Giambattista},
	Date-Added = {2017-03-01 16:38:59 +0000},
	Date-Modified = {2019-09-04 18:22:59 +0000},
	Journal = {Communications in mathematical physics},
	Number = {3},
	Pages = {571-607},
	Title = {Stochastic Burgers and KPZ equations from particle systems},
	Volume = {183},
	Year = {1997}}

@article{Quastel,
	Author = {Quastel, Jeremy},
	Date-Added = {2017-03-01 16:36:46 +0000},
	Date-Modified = {2017-03-01 16:38:01 +0000},
	Journal = {Current developments in mathematics},
	Pages = {125--194},
	Title = {Introduction to KPZ},
	Volume = {2011},
	Year = {2011}}

@incollection{QuasteRemenik,
	Author = {Quastel, Jeremy and Remenik, Daniel},
	Booktitle = {Topics in percolative and disordered systems},
	Date-Added = {2017-03-01 16:35:06 +0000},
	Date-Modified = {2017-03-01 16:36:21 +0000},
	Pages = {121--171},
	Publisher = {Springer},
	Title = {Airy processes and variational problems},
	Year = {2014}}

@article{CorPet,
	Author = {Corwin, Ivan and Petrov, Leonid},
	Date-Added = {2017-03-01 16:31:54 +0000},
	Date-Modified = {2017-03-01 16:33:20 +0000},
	Journal = {Communications in Mathematical Physics},
	Number = {2},
	Pages = {651--700},
	Title = {Stochastic higher spin vertex models on the line},
	Volume = {343},
	Year = {2016}}

@article{Tess,
	Author = {Tessitore, Gianmario and Zabczyk, Jerzy},
	Date-Added = {2017-03-01 16:28:34 +0000},
	Date-Modified = {2017-03-01 16:34:38 +0000},
	Journal = {Probability and Mathematical Statistics-Wroclaw University},
	Pages = {271--287},
	Title = {Invariant measures for stochastic heat equations},
	Volume = {18},
	Year = {1998}}

@inproceedings{EdwardsWilkinson,
	Author = {Edwards, Samuel F and Wilkinson, DR},
	Booktitle = {Proceedings of the Royal Society of London A: Mathematical, Physical and Engineering Sciences},
	Date-Added = {2017-03-01 16:19:37 +0000},
	Date-Modified = {2017-03-01 16:21:30 +0000},
	Organization = {The Royal Society},
	Pages = {17--31},
	Title = {The surface statistics of a granular aggregate},
	Volume = {381},
	Year = {1982}}

@article{ProSpo,
	Author = {Prolhac, Sylvain and Spohn, Herbert},
	Date-Added = {2017-03-01 16:17:46 +0000},
	Date-Modified = {2017-03-01 16:19:16 +0000},
	Journal = {Journal of Statistical Mechanics: Theory and Experiment},
	Number = {03},
	Title = {The one-dimensional KPZ equation and the Airy process},
	Volume = {2011},
	Year = {2011}}

@book{Janson,
	Author = {Janson, Svante},
	Date-Added = {2017-03-01 16:16:31 +0000},
	Date-Modified = {2017-03-01 16:17:26 +0000},
	Publisher = {Cambridge university press},
	Title = {Gaussian hilbert spaces},
	Volume = {129},
	Year = {1997}}

@article{PraSpo,
	Author = {Pr{\"a}hofer, Michael and Spohn, Herbert},
	Date-Added = {2017-03-01 16:13:55 +0000},
	Date-Modified = {2017-03-01 16:15:16 +0000},
	Journal = {Journal of statistical physics},
	Number = {5},
	Pages = {1071--1106},
	Title = {Scale invariance of the PNG droplet and the Airy process},
	Volume = {108},
	Year = {2002}}

@article{kpz,
	Author = {Kardar, Mehran and Parisi, Giorgio and Zhang, Yi-Cheng},
	Date-Added = {2017-03-01 16:12:52 +0000},
	Date-Modified = {2017-03-01 16:13:39 +0000},
	Journal = {Physical Review Letters},
	Number = {9},
	Pages = {889},
	Title = {Dynamic scaling of growing interfaces},
	Volume = {56},
	Year = {1986}}

@article{HairerKPZ,
	Author = {Hairer, Martin},
	Date-Added = {2017-03-01 16:11:29 +0000},
	Date-Modified = {2017-03-01 16:12:24 +0000},
	Journal = {arXiv preprint arXiv:1109.6811},
	Title = {Solving the KPZ equation},
	Year = {2011}}

@article{HairerSPDE,
	Author = {Hairer, Martin},
	Date-Added = {2017-03-01 16:09:28 +0000},
	Date-Modified = {2017-03-01 16:11:26 +0000},
	Journal = {arXiv preprint arXiv:0907.4178},
	Title = {An introduction to stochastic PDEs},
	Year = {2009}}

@article{JohPNG,
	Author = {Johansson, Kurt},
	Date-Added = {2017-03-01 16:06:51 +0000},
	Date-Modified = {2017-03-01 16:08:54 +0000},
	Journal = {Communications in Mathematical Physics},
	Number = {1-2},
	Pages = {277--329},
	Rating = {0},
	Title = {Discrete polynuclear growth and determinantal processes},
	Volume = {242},
	Year = {2003}}

@inbook{TW93,
	Author = {Tracy, Craig A and Widom, Harold},
	Booktitle = {Geometric and quantum aspects of integrable systems},
	Date-Added = {2017-03-01 14:49:39 +0000},
	Date-Modified = {2017-03-01 16:11:04 +0000},
	Pages = {103--130},
	Publisher = {Springer},
	Title = {Introduction to random matrices},
	Year = {1993}}

@article{Shinault,
	Author = {Shinault, Gregory and Tracy, Craig A},
	Date-Added = {2017-03-01 14:47:54 +0000},
	Date-Modified = {2017-03-16 14:25:36 +0000},
	Journal = {Journal of Statistical Physics},
	Number = {1},
	Pages = {60--70},
	Title = {Asymptotics for the covariance of the {A}iry 2 process},
	Volume = {143},
	Year = {2011}}

@article{AlbertsQuastel,
	Author = {Alberts, Tom and Khanin, Konstantin and Quastel, Jeremy},
	Date-Added = {2017-03-01 14:45:08 +0000},
	Date-Modified = {2017-03-13 00:33:38 +0000},
	Journal = {Journal of Statistical Physics},
	Number = {1-2},
	Pages = {305--326},
	Title = {The continuum directed random polymer},
	Volume = {154},
	Year = {2014}}
	
@article{ChariPressley91,
  title={Quantum affine algebras},
  author={Chari, Vyjayanthi and Pressley, Andrew},
  journal={Communications in mathematical physics},
  volume={142},
  number={2},
  pages={261--283},
  year={1991},
  publisher={Springer}
}

@inproceedings{BufetovPetrov19,
  title={{Y}ang--{B}axter field for spin {H}all--{L}ittlewood symmetric functions},
  author={Bufetov, Alexey and Petrov, Leonid},
  booktitle={Forum of Mathematics, Sigma},
  volume={7},
  year={2019},
  organization={Cambridge University Press}
}

@article{Borodin17,
  title={On a family of symmetric rational functions},
  author={Borodin, Alexei},
  journal={Advances in Mathematics},
  volume={306},
  pages={973--1018},
  year={2017},
  publisher={Elsevier}
}

@article{FulmekKarttenhaler97,
  title={Lattice path proofs for determinantal formulas for symplectic and orthogonal characters},
  author={Fulmek, Markus and Krattenthaler, Christian},
  journal={journal of combinatorial theory, Series A},
  volume={77},
  number={1},
  pages={3--50},
  year={1997},
  publisher={Elsevier}
}
